%Find how to input a reference, including what is Required and what is optional.
%http://en.wikibooks.org/wiki/LaTeX/Bibliography_Management