%Find how to input a reference, including what is Required and what is optional.
%http://en.wikibooks.org/wiki/LaTeX/Bibliography_Management

@article{Xarticle,
    author    = "J. Melkert, T. Dingemand",
    title     = "Project Guide Design Synthesis Exercise, How to design an all plastic, high altitude observation platfrom",
    % journal   = "",
    %volume   = "",
    %number   = "",
    %pages    = "",
    year      = "2013",
    month    = "April",
    %note     = "",
}

@techreport{Brundtland1987,
    author    = "G. H. Brundtland; the World Commission on Environment and Development ",
    title     = "Our Common Future",
    institution = "United Nations",
    %type     = "", 
    %number   = "",
    %address  = "",
    year      = "1987",
    %month    = "",
    note     = "pages 15, 37",
}

@misc{website:discovery.com1,
      author = "Discovery Communications, LLC.",
      title = "Shortage of Rare Metals Threatens Tech Innovation",
      month = "Januari",
      year = "2012",
      url = "http://news.discovery.com/tech/rare-metal-shortage-120130.htm"
}

@misc{website:phys.org1,
      author = "Renee Cho",
      title = "Shortage of Rare Metals Threatens Tech Innovation",
      month = "September",
      year = "2012",
      url = "http://phys.org/news/2012-09-rare-earth-metals.html
"
}

@misc{website:belbin,
      title = "Teamrollen van Belbin",
      month = "April",
      year = "2013",
      url = "http://www.thesis.nl/thesis15/index.php?option=com_content&view=category&layout=blog&id=1&Itemid=2"
}

